2116 3938
137 412 159 459 ·.‘
178 402 334 483 „Numen
345 400 501 463 infinitum
529 402 705 464 extenditur
717 402 764 464 'ad
783 409 888 467 omdia
909 407 985 471 loca

133 570 138 593 t
176 532 357 611 imaginaria
388 543 420 591 et
448 527 610 612 'possibilis
642 530 742 613 enque
773 532 884 609 implet
908 533 983 595 lnce

173 646 293 718 vultus
299 662 355 717 sui
388 646 495 737 Quum
514 669 618 717 autem
636 655 771 733 valuerit
790 660 983 723 manifestari

175 799 208 847 et
226 785 401 866 producere
420 796 543 842 naturas
571 786 726 869 restrinxit
745 797 776 843 et
795 791 984 849 constrinxit

175 927 208 974 et
227 914 314 993 quasi
334 913 501 971 coarctavit
517 909 551 970 se
570 927 589 968 e
606 929 639 970 se
658 912 693 969 in
710 929 744 971 se
762 914 871 991 iprum,
882 925 916 973 et
935 918 980 975 sie

112 1034 117 1045 ’
174 1039 308 1120 reliquit.
332 1024 439 1096 lecum
452 1097 457 1108 ,
471 1026 628 1117 quendam
658 1039 740 1096 inter
770 1034 890 1097 infinita
921 1038 980 1103 illa

137 1197 141 1205 ,
175 1169 287 1245 spatia,
318 1183 399 1243 qtrae
423 1174 515 1223 antea
537 1160 694 1241 replebat,
726 1182 820 1242 quem
845 1162 978 1244 imple‘re

173 1295 286 1375 possit,
311 1300 409 1375 prout
425 1301 471 1369 ,οῖ’
486 1285 628 1366 implevit
646 1287 707 1346 illis
726 1287 868 1363 entibus,
894 1312 979 1374 quae

173 1384 255 1479 intra
283 1415 373 1478 illum
404 1414 568 1496 produxit,
598 1416 770 1501 itaftamen
793 1382 884 1476 utet
908 1421 978 1497 ipse

171 1546 248 1607 illuc
266 1543 484 1605 extenderetur
502 1555 535 1602 et
552 1540 596 1600 ibi
615 1540 861 1602 manifestaretur
878 1558 978 1624 prout

170 1630 244 1734 ante
262 1677 393 1733 istorum
415 1668 731 1739 manifestationem.“
745 1698 787 1711 ·-
817 1666 977 1753 Idemque

168 1800 282 1879 legitur
299 1802 339 1855 irs
352 1795 409 1852 Etr
427 1790 545 1870 Chajim
560 1789 698 1852 Ozeroth
712 1789 842 1872 ehajtns
857 1802 975 1881 sectio:

168 1925 274 2024 Adam
287 1902 500 1982 ΚειάιιιοιιμνιΙ
520 1915 609 1978 ssufii
629 1918 675 1978 nil
695 1919 825 1981 tale.-
787 1922 975 2003 -Duplex

122 2036 130 2141 A·
167 2055 247 2113 ratio
277 2061 404 2152 priesto
425 2059 499 2118 est,
532 2062 595 2126 qus
621 2049 787 2107 notionem
813 2044 855 2109 τῦ
886 2066 973 2115 extra

104 2146 112 2188 ·.
167 2177 271 2238 Deum
290 2178 401 2256 capias,
429 2171 481 2233 vel
500 2172 616 2285 cogites
636 2169 676 2229 de
694 2168 786 2233 rebus
804 2181 972 2259 segregatis

74 2286 79 2299 Ι
166 2308 266 2385 spatio
287 2323 304 2361 a
323 2301 412 2375 Deo,
438 2297 490 2358 vel
508 2277 626 2357 meram
644 2295 797 2379 intelligas
822 2301 970 2373 Numinis

2 2412 21 2423 ⁸¹
62 2488 66 2505 .,
164 2436 373 2513 negationem.
406 2427 447 2485 At
465 2424 519 2484 illa
539 2429 649 2505 opinio
670 2446 768 2506 quum
786 2426 900 2493 rudior
918 2432 968 2501 sit,

164 2578 259 2643 quam
278 2558 329 2614 cui
348 2549 527 2631 adstipulari
546 2555 708 2630 potuerint
732 2548 837 2626 Ssufii,
867 2556 969 2614 mani.

162 2686 274 2746 festum
301 2691 347 2741 est
378 2692 471 2761 atque
501 2681 700 2758 perspicuum
731 2691 807 2737 tunc
838 2646 966 2739 demum

161 2814 328 2894 genuinam
360 2806 501 2865 exsistere
529 2800 676 2864 Ssuficam
701 2773 898 2877 sententiam,
938 2809 965 2865 si
1010 2866 1014 2875 ,

152 2910 297 3018 'ponatur
315 2933 472 2992 Privatum
491 2950 607 2989 meram
631 2944 742 2990 notare
761 2934 963 3012 negationem

162 3063 228 3122 Dei.
255 3028 358 3139 Quam
378 3063 542 3118 notionem
561 3075 625 3116 esse
643 3024 868 3115 subtilissimam
890 3046 973 3115 nul-⁹

160 3191 207 3251 lus
225 3206 319 3268 nego.
352 3184 440 3263 Quid
459 3197 562 3244 autem
581 3180 669 3264 quod
687 3185 769 3244 inter
782 3179 959 3255 Gnosticos,

897 3303 960 3377 jam
